@book{RSachseManipulationSelbsttaeuschung,
author = {Rainer Sachse},
title = {Manipulation und Selbstt√§uschung},
year = {2014},
OPTpublisher = {Springer-Verlag Berlin Heidelberg}
}
